% Encoding: UTF-8

@Article{Jolak2020,
  author  = {Jolak, Rodi and Savary-Leblanc, Maxime and Dalibor, Manuela and Wortmann, Andreas and Hebig, Regina and Vincur, Juraj and Polasek, Ivan and Le Pallec, Xavier and S{e}bastien G{e}rard and Chaudron, Michel R.V.},
  title   = {Software Engineering Whispers: The Effect of Textual Vs. Graphical Software Design Descriptions on Software Design Communication},
  journal = {Empirical Software Engineering},
  year    = {2020},
  month   = jun,
  issn    = {1573-7616},
}

@Article{Perry1992,
  author     = {Perry, Dewayne E. and Wolf, Alexander L.},
  title      = {Foundations for the Study of Software Architecture},
  journal    = {SIGSOFT Softw. Eng. Notes},
  year       = {1992},
  volume     = {17},
  number     = {4},
  pages      = {40–52},
  month      = oct,
  issn       = {0163-5948},
  address    = {New York, NY, USA},

  issue_date = {Oct. 1992},
  numpages   = {13},
  publisher  = {Association for Computing Machinery},

}

@Article{Murta2008,
  author  = {Murta, Leonardo G. P. and van der Hoek, Andr{\'e} and Werner, Cl{\'a}udia M. L.},
  title   = {Continuous and automated evolution of architecture-to-implementation traceability links},
  journal = {Automated Software Engineering},
  year    = {2008},
  volume  = {15},
  number  = {1},
  pages   = {75-107},
  month   = {Mar},
  issn    = {1573-7535},
  day     = {01},

}

@Article{Clements2009,
  author     = {Clements, Paul and Shaw, Mary},
  title      = {"The Golden Age of Software Architecture" Revisited},
  journal    = {IEEE Softw.},
  year       = {2009},
  volume     = {26},
  number     = {4},
  pages      = {70–72},
  month      = jul,
  issn       = {0740-7459},
  address    = {Washington, DC, USA},

  issue_date = {July 2009},
  keywords   = {software architecture, technology maturation, system organization, software system, software design, software development, history of software engineering},
  numpages   = {3},
  publisher  = {IEEE Computer Society Press},

}

@Misc{maravic2016,
  author       = {Maravic, Igor},
  title        = {Spotify’s Event Delivery – The Road to the Cloud (Part II)},
  howpublished = {\url{https://engineering.atspotify.com/2016/03/03/spotifys-event-delivery-the-road-to-the-cloud-part-ii/}},
  month        = {Mar},
  year         = {2016},
  note         = {Accessed: 2020-06-29},
  day          = {3},
}

@Misc{andreakis2019,
  author       = {Andreakis, Andreas and Papapanagiotou, Ioannis},
  title        = {DBLog: A Generic Change-Data-Capture Framework},
  howpublished = {\url{https://netflixtechblog.com/dblog-a-generic-change-data-capture-framework-69351fb9099b}},
  month        = {Dec},
  year         = {2019},
  note         = {Accessed: 2020-06-29},
  day          = {17},
}

@Misc{hu2019,
  author       = {Chengcheng Hu},
  title        = {How ads indexing works at Pinterest},
  howpublished = {\url{https://medium.com/pinterest-engineering/how-ads-indexing-works-at-pinterest-99b4796f289f}},
  month        = {Dec},
  year         = {2019},
  note         = {Accessed: 2020-06-29},
  day          = {19},
}

@Misc{kotha2019,
  author       = {Kotha, Satish and Ilho, Ye},
  title        = {MetricsDB: TimeSeries Database for storing metrics at Twitter},
  howpublished = {\url{https://blog.twitter.com/engineering/en_us/topics/infrastructure/2019/metricsdb}},
  month        = {May},
  year         = {2019},
  note         = {Accessed: 2020-06-29},
  day          = {13},
}

@Misc{zhang2020,
  author       = {Xiang Zhang and Chuck Jerian},
  title        = {How we improved latency through projection in Espresso},
  howpublished = {\url{https://medium.com/pinterest-engineering/how-ads-indexing-works-at-pinterest-99b4796f289f}},
  month        = {Mar},
  year         = {2020},
  note         = {Accessed: 2020-06-29},
  day          = {05},
}

@InProceedings{storrle2017,
  author    = {St\"{o}rrle, Harald},
  title     = {How Are Conceptual Models Used in Industrial Software Development? A Descriptive Survey},
  booktitle = {Proceedings of the 21st International Conference on Evaluation and Assessment in Software Engineering},
  year      = {2017},
  series    = {EASE'17},
  pages     = {160–169},
  address   = {New York, NY, USA},
  publisher = {Association for Computing Machinery},

  isbn      = {9781450348041},
  location  = {Karlskrona, Sweden},
  numpages  = {10},

}

@Misc{brown2020,
  author       = {Simon Brown},
  title        = {Visio, draw.io, LucidChart, Gliffy, etc - not recommended for software architecture diagrams},
  howpublished = {\href{https://dev.to/simonbrown/visio-draw-io-lucidchart-gliffy-etc-not-recommended-for-software-architecture-diagrams-4bmm}{https://dev.to/simonbrown/visio-draw}},
  month        = jul,
  year         = {2020},
  lastaccessed = {jul 04,2020},
}

@InProceedings{ha2003,
  author    = {Ha,I. -. and Kang,B. -.},
  title     = {Meta-Validation of UML Structural Diagrams and Behavioral Diagrams with Consistency Rules},
  booktitle = {IEEE Pacific RIM Conference on Communications, Computers, and Signal Processing - Proceedings},
  year      = {2003},
  volume    = {II},
  pages     = {679-683},
  language  = {English},
}

@InProceedings{amor2011,
  author    = {Amor,S. O. B. and Ali,M. and Gargouri,F.},
  title     = {Verification of the consistency between use case and activity diagrams: A step towards validation of user requirements},
  booktitle = {ICEIS 2011 - Proceedings of the 13th International Conference on Enterprise Information Systems},
  year      = {2011},
  volume    = {3 ISAS},
  pages     = {396-399},
  language  = {English},
}

@InProceedings{litvak2003,
  author    = {Litvak,B. and Tyszberowicz,S. and Yehudai,A.},
  title     = {Behavioral consistency validation of UML diagrams},
  booktitle = {Proceedings - 1st International Conference on Software Engineering and Formal Methods, SEFM 2003},
  year      = {2003},
  language  = {English},
}

@InProceedings{Mohammadi2014,
  author    = {R. G. {Mohammadi} and A. A. {Barforoush}},
  title     = {Enforcing component dependency in UML deployment diagram for cloud applications},
  booktitle = {7'th International Symposium on Telecommunications (IST'2014)},
  year      = {2014},
  pages     = {412-417},

}

@Article{shaw2006,
  author     = {Shaw, Mary and Clements, Paul},
  title      = {The Golden Age of Software Architecture},
  journal    = {IEEE Softw.},
  year       = {2006},
  volume     = {23},
  number     = {2},
  pages      = {31–39},
  month      = mar,
  issn       = {0740-7459},
  address    = {Washington, DC, USA},

  issue_date = {March 2006},
  keywords   = {technology maturation, history of software engineering, Software architecture},
  numpages   = {9},
  publisher  = {IEEE Computer Society Press},

}

@Book{bass2015,
  title     = {DevOps: A Software Architect's Perspective},
  publisher = {Addison-Wesley},
  year      = {2015},
  author    = {Bass, L. and Weber, I.M. and Zhu, L.},
  series    = {Always learning},
  edition   = {1st},
  isbn      = {9780134049847},
  lccn      = {2015007093},
}

@Book{fairbanks2010,
  title     = {Just Enough Software Architecture: A Risk-Driven Approach},
  publisher = {Marshall \& Brainerd},
  year      = {2010},
  author    = {Fairbanks, G. and Garlan, David},
  month     = {01},
}

@Book{gorton2011,
  title     = {Essential Software Architecture},
  publisher = {Springer Publishing Company, Incorporated},
  year      = {2011},
  author    = {Gorton, Ian},
  edition   = {2nd},
  isbn      = {3642191754},
}

@Book{kitchenham2015,
  title     = {Evidence-Based Software Engineering and Systematic Reviews},
  publisher = {Chapman \& Hall/CRC},
  year      = {2015},
  author    = {Kitchenham, Barbara Ann and Budgen, David and Brereton, Pearl},
  isbn      = {1482228653},
}

@Misc{limesurvey2012,
  author       = {{Carsten Schmitz}},
  title        = {LimeSurvey: An Open Source survey tool},
  year         = {2012},
  address      = {Hamburg, Germany},
  organization = {LimeSurvey Project},
  url          = {http://www.limesurvey.org},
  urldate      = {Oct 19,2021},
}

@Article{jamieson2005,
  author  = {Jamieson, Susan},
  title   = {Likert Scales: How to (ab) Use Them},
  journal = {Medical education},
  year    = {2005},
  volume  = {38},
  pages   = {1217-8},
  month   = {01},

}

@Book{unhelkar2005,
  title  = {Verification and Validation for Quality of UML 2.0 Models},
  year   = {2005},
  author = {Unhelkar, B.},
  month  = {08},

  pages  = {1-271},
}

@Book{xu2020,
  title     = {System Design Interview: An Insider's Guide},
  publisher = {Independently Published},
  year      = {2020},
  author    = {Xu, A.},
  isbn      = {9798664653403},
  url       = {https://books.google.ca/books?id=TZWmzQEACAAJ},
}

@Book{rumbaugh2004,
  title     = {Unified Modeling Language Reference Manual, The (2nd Edition)},
  publisher = {Pearson Higher Education},
  year      = {2004},
  author    = {Rumbaugh, James and Jacobson, Ivar and Booch, Grady},
  isbn      = {0321245628},
}

@Misc{dockercompose2019,
  author       = {Docker Docs},
  title        = {Overview of Docker Compose},
  howpublished = {\url{https://docs.docker.com/compose}},
  month        = mar,
  year         = {2019},
  lastaccessed = {Jun 19,2020},
  organization = {Docker},
}

@Misc{kubernetes2020,
  author       = {Kubernetes},
  title        = {Pod Overview},
  howpublished = {\url{https://kubernetes.io/docs/concepts/overview/}},
  month        = jun,
  year         = {2021},
  lastaccessed = {Jan 18,2022},
  organization = {kubernetes.io},
}

@Misc{dockerswarm2022,
  author       = {Docker Docs},
  title        = {Swarm mode key concepts},
  howpublished = {\url{https://docs.docker.com/engine/swarm/key-concepts/}},
  month        = jul,
  year         = {2022},
  lastaccessed = {Jul 09,2022},
  organization = {Docker},
}

@InProceedings{artac2017,
  author    = {Matej Artac and Tadej Borovssak and Elisabetta Di Nitto and Michele Guerriero and Damian Andrew Tamburri},
  title     = {{DevOps}: Introducing Infrastructure-as-Code},
  booktitle = {2017 {IEEE}/{ACM} 39th International Conference on Software Engineering Companion ({ICSE}-C)},
  year      = {2017},
  month     = may,
  publisher = {{IEEE}},

}

@Misc{chef2020,
  author       = {Chef Software},
  title        = {An Overview of Chef Infra},
  howpublished = {\url{https://docs.chef.io/chef_overview/}},
  month        = jun,
  year         = {2020},
  lastaccessed = {Jul 19,2020},
  organization = {Chef Software},
}

@Misc{docker2020,
  author       = {Docker Docs},
  title        = {Dockerfile reference},
  howpublished = {\url{https://docs.docker.com/engine/reference/builder}},
  month        = jun,
  year         = {2020},
  lastaccessed = {Jul 19,2020},
  organization = {Docker},
}

@Misc{puppet2020,
  author       = {Open Source Puppet},
  title        = {Overview of Puppet's architecture},
  howpublished = {\url{https://puppet.com/docs/puppet/5.5/architecture.html}},
  month        = jun,
  year         = {2020},
  lastaccessed = {Jul 19,2020},
  organization = {Puppet.com},
}

@InBook{huettermann2012,
  pages     = {135--156},
  title     = {Infrastructure as Code},
  publisher = {Apress},
  year      = {2012},
  author    = {H{\"u}ttermann, Michael},
  address   = {Berkeley, CA},
  isbn      = {978-1-4302-4570-4},
  booktitle = {DevOps for Developers},

}

@Misc{flaatten2020,
  author       = {Hans Kristian Flaatten},
  title        = {Diagram as Code},
  howpublished = {\url{https://open.evry.blog/2020/01/05/diagram-as-code.html}},
  month        = jan,
  year         = {2020},
  lastaccessed = {Jul 19,2020},
}

@Misc{terraform2022,
  author       = {HashiCorp Learn},
  title        = {Terraform Language Documentation},
  howpublished = {\url{https://www.terraform.io/language}},
  month        = mar,
  year         = {2022},
  lastaccessed = {Jul 11,2022},
  organization = {HashiCorp},
}

@Book{rosso2021,
  title     = {Production Kubernetes: Building Successful Application Platforms},
  publisher = {O'Reilly Media},
  year      = {2021},
  author    = {Rosso, J. and Lander, R. and Brand, A. and Harris, J.},
  isbn      = {9781492092308},
}

@Misc{kubernetespods2022,
  author       = {Kubernetes},
  title        = {Pods},
  howpublished = {\url{https://kubernetes.io/docs/concepts/workloads/pods/}},
  month        = jan,
  year         = {2022},
  lastaccessed = {Jan 10,2022},
  organization = {kubernetes.io},
}

@Misc{kubernetesservice2022,
  author       = {Kubernetes},
  title        = {Service},
  howpublished = {\url{https://kubernetes.io/docs/concepts/services-networking/service}},
  month        = jun,
  year         = {2022},
  lastaccessed = {June 18,2022},
  organization = {kubernetes.io},
}

@InBook{stevens2008,
  pages     = {408--424},
  title     = {A Landscape of Bidirectional Model Transformations},
  publisher = {Springer Berlin Heidelberg},
  year      = {2008},
  author    = {Stevens, Perdita},
  editor    = {L{\"a}mmel, Ralf and Visser, Joost and Saraiva, Jo{\~a}o},
  address   = {Berlin, Heidelberg},
  isbn      = {978-3-540-88643-3},
  booktitle = {Generative and Transformational Techniques in Software Engineering II: International Summer School, GTTSE 2007, Braga, Portugal, July 2-7, 2007. Revised Papers},
}

@Book{morris2016,
  title     = {{Infrastructure as code: managing servers in the cloud}},
  publisher = {O'Reilly Media},
  year      = {2016},
  author    = {Morris, Kief},
  address   = {Sebastopol, CA},
  url       = {https://cds.cern.ch/record/2197640},
}

@InProceedings{wurster2019,
  author    = {Wurster, Michael and Breitenb\"{u}cher, Uwe and Brogi, Antonio and Falazi, Ghareeb and Harzenetter, Lukas and Leymann, Frank and Soldani, Jacopo and Yussupov, Vladimir},
  title     = {The EDMM Modeling and Transformation System},
  year      = {2019},
  address   = {Berlin, Heidelberg},
  publisher = {Springer-Verlag},
  isbn      = {978-3-030-45988-8},
  keywords  = {Transformation, Automation, Tool, Deployment modeling},
  location  = {Toulouse, France},
  numpages  = {5},
}

@InProceedings{nicacio2021,
  author    = {Nicacio, Jalves and Petrillo, Fabio},
  title     = {Towards improving architectural diagram consistency using system descriptors},
  booktitle = {2021 IEEE/ACM 29th International Conference on Program Comprehension (ICPC)},
  year      = {2021},
  pages     = {401-405},
}

@Misc{mingrammer2020,
  author       = {Mingrammer},
  title        = {Introducing Diagrams: Diagram as Code},
  howpublished = {\url{https://medium.com/better-programming/diagrams-diagram-as-code-56fec222cdf6}},
  month        = feb,
  year         = {2020},
  lastaccessed = {Jul 19,2020},
}

@Misc{meyer2019,
  author       = {Raoul Meyer},
  title        = {Infrastructure diagrams as code},
  howpublished = {\url{https://dev.to/raoulmeyer/infrastructure-diagrams-as-code-3f3j}},
  month        = feb,
  year         = {2019},
  lastaccessed = {Jul 19,2020},
}

@Misc{brown2022,
  author       = {Simon Brown},
  title        = {Diagrams as code 2.0},
  howpublished = {\url{https://structurizr.org/}},
  month        = jul,
  year         = {2022},
  lastaccessed = {Jul 22,2022},
}

@Misc{brown2020a,
  author       = {Simon Brown},
  title        = {Modelling software architecture with PlantUML},
  howpublished = {\url{https://dev.to/simonbrown/modelling-software-architecture-with-plantuml-56fc}},
  month        = Jul,
  year         = {2020},
  lastaccessed = {Jul 19,2020},
}

@misc{brown2021,
  title = {The C4 model for visualising software architecture: Context, Containers, Components, and Code},
  author = {Simon Brown},
  howpublished = {\url{https://c4model.com/}},
  note = {Accessed: 2021-09-21},
  year = {2021},
}

@inproceedings{piedade2020,
author = {Piedade, Bruno and Dias, Jo\~{a}o Pedro and Correia, Filipe F.},
title = {An Empirical Study on Visual Programming Docker Compose Configurations},
year = {2020},
isbn = {9781450381352},
publisher = {Association for Computing Machinery},
address = {New York, NY, USA},
booktitle = {Proceedings of the 23rd ACM/IEEE International Conference on Model Driven Engineering Languages and Systems: Companion Proceedings},
articleno = {60},
numpages = {10},
keywords = {docker, docker compose, orchestration, visual programming},
location = {Virtual Event, Canada},
series = {MODELS '20}
}

@inproceedings{burco2020,
author = {Burco, Fabio and Miculan, Marino and Peressotti, Marco},
title = {Towards a Formal Model for Composable Container Systems},
year = {2020},
isbn = {9781450368667},
publisher = {Association for Computing Machinery},
address = {New York, NY, USA},
booktitle = {Proceedings of the 35th Annual ACM Symposium on Applied Computing},
pages = {173–175},
numpages = {3},
location = {Brno, Czech Republic},
series = {SAC '20}
}

@INPROCEEDINGS{sandobalin2019,  
author={Sandobalin, Julio and Insfran, Emilio and Abrahão, Silvia},  
booktitle={2019 ACM/IEEE 22nd International Conference on Model Driven Engineering Languages and Systems Companion (MODELS-C)},   title={ARGON: A Model-Driven Infrastructure Provisioning Tool},   
year={2019},  
volume={},  
number={},  
pages={738-742},  
}




@Comment{jabref-meta: databaseType:bibtex;}
